@article{ali2021performance,
    title={Performance Analysis of Heap Sort and Inseartion Sort Algorithms},
    author={Ali, Humaira and Nawaz, Haque and Maitlo Abdullah},
    journal={International Journal},
    volume={9},
    number={5},
    year={2021}
}
@article{sabah2023comparative, title={Comparative Analysis of the Performance of Popular Sorting Algorithms on Datasets of Different Sizes and Characteristics}, author={Sabah, Ahmed S and Abu-Naser, Samy S and Helles, Yasmeen Emad and Abdallatif, Ruba Fikri and Samra, Faten YA Abu and Taha, Aya Helmi Abu and Massa, Nawal Maher and Hamouda, Ahmed A}, year={2023} }